%YAML 1.1
%TAG !u! tag:unity3d.com,2011:
--- !u!1 &2814570093053362305
GameObject:
  m_ObjectHideFlags: 0
  m_CorrespondingSourceObject: {fileID: 0}
  m_PrefabInstance: {fileID: 0}
  m_PrefabAsset: {fileID: 0}
  serializedVersion: 6
  m_Component:
  - component: {fileID: 2814570093053598947}
  - component: {fileID: 2814570093041864173}
  m_Layer: 0
  m_Name: mech
  m_TagString: Untagged
  m_Icon: {fileID: 0}
  m_NavMeshLayer: 0
  m_StaticEditorFlags: 0
  m_IsActive: 1
--- !u!4 &2814570093053598947
Transform:
  m_ObjectHideFlags: 0
  m_CorrespondingSourceObject: {fileID: 0}
  m_PrefabInstance: {fileID: 0}
  m_PrefabAsset: {fileID: 0}
  m_GameObject: {fileID: 2814570093053362305}
  m_LocalRotation: {x: 0.7071068, y: 0, z: -0, w: 0.7071067}
  m_LocalPosition: {x: -0, y: 0, z: -7.4505804e-11}
  m_LocalScale: {x: 1, y: 1, z: 1}
  m_Children: []
  m_Father: {fileID: 2814570093053598945}
  m_RootOrder: 0
  m_LocalEulerAnglesHint: {x: 0, y: 0, z: 0}
--- !u!137 &2814570093041864173
SkinnedMeshRenderer:
  m_ObjectHideFlags: 0
  m_CorrespondingSourceObject: {fileID: 0}
  m_PrefabInstance: {fileID: 0}
  m_PrefabAsset: {fileID: 0}
  m_GameObject: {fileID: 2814570093053362305}
  m_Enabled: 1
  m_CastShadows: 1
  m_ReceiveShadows: 1
  m_DynamicOccludee: 1
  m_StaticShadowCaster: 0
  m_MotionVectors: 1
  m_LightProbeUsage: 1
  m_ReflectionProbeUsage: 1
  m_RayTracingMode: 3
  m_RayTraceProcedural: 0
  m_RenderingLayerMask: 1
  m_RendererPriority: 0
  m_Materials:
  - {fileID: 2100000, guid: 5d885c4e25f6dd04aa2e4c264b6e1023, type: 2}
  m_StaticBatchInfo:
    firstSubMesh: 0
    subMeshCount: 0
  m_StaticBatchRoot: {fileID: 0}
  m_ProbeAnchor: {fileID: 0}
  m_LightProbeVolumeOverride: {fileID: 0}
  m_ScaleInLightmap: 1
  m_ReceiveGI: 1
  m_PreserveUVs: 0
  m_IgnoreNormalsForChartDetection: 0
  m_ImportantGI: 0
  m_StitchLightmapSeams: 1
  m_SelectedEditorRenderState: 3
  m_MinimumChartSize: 4
  m_AutoUVMaxDistance: 0.5
  m_AutoUVMaxAngle: 89
  m_LightmapParameters: {fileID: 0}
  m_SortingLayerID: 0
  m_SortingLayer: 0
  m_SortingOrder: 0
  serializedVersion: 2
  m_Quality: 0
  m_UpdateWhenOffscreen: 0
  m_SkinnedMotionVectors: 1
  m_Mesh: {fileID: 4300000, guid: fec746e46c2fd354fa0bc92720075dbd, type: 3}
  m_Bones:
  - {fileID: 2814570093053598855}
  - {fileID: 2814570093053598975}
  - {fileID: 2814570093053598941}
  - {fileID: 2814570093053598973}
  - {fileID: 2814570093053598925}
  - {fileID: 2814570093053598917}
  - {fileID: 2814570093053598927}
  - {fileID: 2814570093053598919}
  - {fileID: 2814570093053598921}
  - {fileID: 2814570093053598913}
  - {fileID: 2814570093053598923}
  - {fileID: 2814570093053598915}
  - {fileID: 2814570093053598873}
  - {fileID: 2814570093053598877}
  - {fileID: 2814570093053598875}
  - {fileID: 2814570093053598879}
  - {fileID: 2814570093053598931}
  - {fileID: 2814570093053598959}
  - {fileID: 2814570093053598885}
  - {fileID: 2814570093053598955}
  - {fileID: 2814570093053598943}
  - {fileID: 2814570093053598935}
  - {fileID: 2814570093053598939}
  - {fileID: 2814570093053598865}
  - {fileID: 2814570093053598889}
  - {fileID: 2814570093053598869}
  - {fileID: 2814570093053598893}
  - {fileID: 2814570093053598969}
  - {fileID: 2814570093053598961}
  - {fileID: 2814570093053598849}
  - {fileID: 2814570093053598965}
  - {fileID: 2814570093053598859}
  - {fileID: 2814570093053598863}
  - {fileID: 2814570093053598957}
  - {fileID: 2814570093053598953}
  - {fileID: 2814570093053598887}
  - {fileID: 2814570093053598967}
  - {fileID: 2814570093053598853}
  - {fileID: 2814570093053598857}
  - {fileID: 2814570093053598949}
  - {fileID: 2814570093053598937}
  - {fileID: 2814570093053598929}
  - {fileID: 2814570093053598933}
  - {fileID: 2814570093053598867}
  - {fileID: 2814570093053598891}
  - {fileID: 2814570093053598871}
  - {fileID: 2814570093053598895}
  - {fileID: 2814570093053598971}
  - {fileID: 2814570093053598963}
  - {fileID: 2814570093053598861}
  - {fileID: 2814570093053598851}
  m_BlendShapeWeights: []
  m_RootBone: {fileID: 2814570093053598855}
  m_AABB:
    m_Center: {x: -0.016049234, y: -0.000000013038516, z: -0.029454453}
    m_Extent: {x: 0.02531513, y: 0.01991124, z: 0.030598456}
  m_DirtyAABB: 0
--- !u!1 &2814570093053362307
GameObject:
  m_ObjectHideFlags: 0
  m_CorrespondingSourceObject: {fileID: 0}
  m_PrefabInstance: {fileID: 0}
  m_PrefabAsset: {fileID: 0}
  serializedVersion: 6
  m_Component:
  - component: {fileID: 2814570093053598945}
  - component: {fileID: 2814570093046084397}
  - component: {fileID: 968922271}
  - component: {fileID: 478122488}
  - component: {fileID: 8452271299333165815}
  m_Layer: 6
  m_Name: MECH_CYAN
  m_TagString: Pawn
  m_Icon: {fileID: 0}
  m_NavMeshLayer: 0
  m_StaticEditorFlags: 0
  m_IsActive: 1
--- !u!4 &2814570093053598945
Transform:
  m_ObjectHideFlags: 0
  m_CorrespondingSourceObject: {fileID: 0}
  m_PrefabInstance: {fileID: 0}
  m_PrefabAsset: {fileID: 0}
  m_GameObject: {fileID: 2814570093053362307}
  m_LocalRotation: {x: 0, y: 0, z: 0, w: 1}
  m_LocalPosition: {x: 0, y: 0, z: 0}
  m_LocalScale: {x: 1, y: 1, z: 1}
  m_Children:
  - {fileID: 2814570093053598947}
  - {fileID: 2814570093053598951}
  m_Father: {fileID: 0}
  m_RootOrder: 0
  m_LocalEulerAnglesHint: {x: 0, y: 0, z: 0}
--- !u!95 &2814570093046084397
Animator:
  serializedVersion: 3
  m_ObjectHideFlags: 0
  m_CorrespondingSourceObject: {fileID: 0}
  m_PrefabInstance: {fileID: 0}
  m_PrefabAsset: {fileID: 0}
  m_GameObject: {fileID: 2814570093053362307}
  m_Enabled: 1
  m_Avatar: {fileID: 9000000, guid: fec746e46c2fd354fa0bc92720075dbd, type: 3}
  m_Controller: {fileID: 0}
  m_CullingMode: 1
  m_UpdateMode: 0
  m_ApplyRootMotion: 0
  m_LinearVelocityBlending: 0
  m_WarningMessage: 
  m_HasTransformHierarchy: 1
  m_AllowConstantClipSamplingOptimization: 1
  m_KeepAnimatorControllerStateOnDisable: 0
--- !u!54 &968922271
Rigidbody:
  m_ObjectHideFlags: 0
  m_CorrespondingSourceObject: {fileID: 0}
  m_PrefabInstance: {fileID: 0}
  m_PrefabAsset: {fileID: 0}
  m_GameObject: {fileID: 2814570093053362307}
  serializedVersion: 2
  m_Mass: 1
  m_Drag: 0
  m_AngularDrag: 0.05
  m_UseGravity: 1
  m_IsKinematic: 0
  m_Interpolate: 1
  m_Constraints: 80
  m_CollisionDetection: 0
--- !u!65 &478122488
BoxCollider:
  m_ObjectHideFlags: 0
  m_CorrespondingSourceObject: {fileID: 0}
  m_PrefabInstance: {fileID: 0}
  m_PrefabAsset: {fileID: 0}
  m_GameObject: {fileID: 2814570093053362307}
  m_Material: {fileID: 0}
  m_IsTrigger: 0
  m_Enabled: 1
  serializedVersion: 2
  m_Size: {x: 2, y: 5.709014, z: 1.223232}
  m_Center: {x: -0.00000059604645, y: 2.754507, z: 0.44111264}
--- !u!114 &8452271299333165815
MonoBehaviour:
  m_ObjectHideFlags: 0
  m_CorrespondingSourceObject: {fileID: 0}
  m_PrefabInstance: {fileID: 0}
  m_PrefabAsset: {fileID: 0}
  m_GameObject: {fileID: 2814570093053362307}
  m_Enabled: 1
  m_EditorHideFlags: 0
  m_Script: {fileID: 11500000, guid: 8a747445f95308f43beb6b2557a21fb1, type: 3}
  m_Name: 
  m_EditorClassIdentifier: 
  PrefabName: MECH_CYAN
--- !u!1 &2814570093053362309
GameObject:
  m_ObjectHideFlags: 0
  m_CorrespondingSourceObject: {fileID: 0}
  m_PrefabInstance: {fileID: 0}
  m_PrefabAsset: {fileID: 0}
  serializedVersion: 6
  m_Component:
  - component: {fileID: 2814570093053598949}
  m_Layer: 0
  m_Name: LowerLeg_R
  m_TagString: Untagged
  m_Icon: {fileID: 0}
  m_NavMeshLayer: 0
  m_StaticEditorFlags: 0
  m_IsActive: 1
--- !u!4 &2814570093053598949
Transform:
  m_ObjectHideFlags: 0
  m_CorrespondingSourceObject: {fileID: 0}
  m_PrefabInstance: {fileID: 0}
  m_PrefabAsset: {fileID: 0}
  m_GameObject: {fileID: 2814570093053362309}
  m_LocalRotation: {x: -0.0051469994, y: -0.64672583, z: -0.0026015567, w: 0.76270074}
  m_LocalPosition: {x: -0.013505058, y: 1.2456439e-10, z: 8.707866e-10}
  m_LocalScale: {x: 1, y: 1.0000002, z: 1.0000001}
  m_Children:
  - {fileID: 2814570093053598937}
  m_Father: {fileID: 2814570093053598887}
  m_RootOrder: 0
  m_LocalEulerAnglesHint: {x: 0, y: 0, z: 0}
--- !u!1 &2814570093053362311
GameObject:
  m_ObjectHideFlags: 0
  m_CorrespondingSourceObject: {fileID: 0}
  m_PrefabInstance: {fileID: 0}
  m_PrefabAsset: {fileID: 0}
  serializedVersion: 6
  m_Component:
  - component: {fileID: 2814570093053598951}
  m_Layer: 0
  m_Name: Mech
  m_TagString: Untagged
  m_Icon: {fileID: 0}
  m_NavMeshLayer: 0
  m_StaticEditorFlags: 0
  m_IsActive: 1
--- !u!4 &2814570093053598951
Transform:
  m_ObjectHideFlags: 0
  m_CorrespondingSourceObject: {fileID: 0}
  m_PrefabInstance: {fileID: 0}
  m_PrefabAsset: {fileID: 0}
  m_GameObject: {fileID: 2814570093053362311}
  m_LocalRotation: {x: -0.7071068, y: 0, z: -0, w: 0.7071068}
  m_LocalPosition: {x: -0, y: 0, z: 0}
  m_LocalScale: {x: 100, y: 100, z: 100}
  m_Children:
  - {fileID: 2814570093053598855}
  m_Father: {fileID: 2814570093053598945}
  m_RootOrder: 1
  m_LocalEulerAnglesHint: {x: 0, y: 0, z: 0}
--- !u!1 &2814570093053362313
GameObject:
  m_ObjectHideFlags: 0
  m_CorrespondingSourceObject: {fileID: 0}
  m_PrefabInstance: {fileID: 0}
  m_PrefabAsset: {fileID: 0}
  serializedVersion: 6
  m_Component:
  - component: {fileID: 2814570093053598953}
  m_Layer: 0
  m_Name: Hip02_R
  m_TagString: Untagged
  m_Icon: {fileID: 0}
  m_NavMeshLayer: 0
  m_StaticEditorFlags: 0
  m_IsActive: 1
--- !u!4 &2814570093053598953
Transform:
  m_ObjectHideFlags: 0
  m_CorrespondingSourceObject: {fileID: 0}
  m_PrefabInstance: {fileID: 0}
  m_PrefabAsset: {fileID: 0}
  m_GameObject: {fileID: 2814570093053362313}
  m_LocalRotation: {x: -0.49590975, y: -0.030782057, z: -0.0050179367, w: 0.8678139}
  m_LocalPosition: {x: -0.0025121442, y: -0.000000001527369, z: 8.5681673e-10}
  m_LocalScale: {x: 0.9999999, y: 1, z: 1}
  m_Children: []
  m_Father: {fileID: 2814570093053598957}
  m_RootOrder: 0
  m_LocalEulerAnglesHint: {x: 0, y: 0, z: 0}
--- !u!1 &2814570093053362315
GameObject:
  m_ObjectHideFlags: 0
  m_CorrespondingSourceObject: {fileID: 0}
  m_PrefabInstance: {fileID: 0}
  m_PrefabAsset: {fileID: 0}
  serializedVersion: 6
  m_Component:
  - component: {fileID: 2814570093053598955}
  m_Layer: 0
  m_Name: LowerLeg_L
  m_TagString: Untagged
  m_Icon: {fileID: 0}
  m_NavMeshLayer: 0
  m_StaticEditorFlags: 0
  m_IsActive: 1
--- !u!4 &2814570093053598955
Transform:
  m_ObjectHideFlags: 0
  m_CorrespondingSourceObject: {fileID: 0}
  m_PrefabInstance: {fileID: 0}
  m_PrefabAsset: {fileID: 0}
  m_GameObject: {fileID: 2814570093053362315}
  m_LocalRotation: {x: 0.005151787, y: -0.64821595, z: 0.0025913315, w: 0.76143473}
  m_LocalPosition: {x: -0.013505056, y: 0.0000000019621802, z: 0.0000000013643875}
  m_LocalScale: {x: 0.99999994, y: 1.0000002, z: 1}
  m_Children:
  - {fileID: 2814570093053598943}
  m_Father: {fileID: 2814570093053598885}
  m_RootOrder: 0
  m_LocalEulerAnglesHint: {x: 0, y: 0, z: 0}
--- !u!1 &2814570093053362317
GameObject:
  m_ObjectHideFlags: 0
  m_CorrespondingSourceObject: {fileID: 0}
  m_PrefabInstance: {fileID: 0}
  m_PrefabAsset: {fileID: 0}
  serializedVersion: 6
  m_Component:
  - component: {fileID: 2814570093053598957}
  m_Layer: 0
  m_Name: Hip01_R
  m_TagString: Untagged
  m_Icon: {fileID: 0}
  m_NavMeshLayer: 0
  m_StaticEditorFlags: 0
  m_IsActive: 1
--- !u!4 &2814570093053598957
Transform:
  m_ObjectHideFlags: 0
  m_CorrespondingSourceObject: {fileID: 0}
  m_PrefabInstance: {fileID: 0}
  m_PrefabAsset: {fileID: 0}
  m_GameObject: {fileID: 2814570093053362317}
  m_LocalRotation: {x: 0.3625207, y: -0.3101547, z: -0.6203516, w: 0.6225325}
  m_LocalPosition: {x: -0.006138367, y: 0.00260077, z: -0.00020759969}
  m_LocalScale: {x: 1, y: 1.0000001, z: 1.0000001}
  m_Children:
  - {fileID: 2814570093053598953}
  m_Father: {fileID: 2814570093053598975}
  m_RootOrder: 2
  m_LocalEulerAnglesHint: {x: 0, y: 0, z: 0}
--- !u!1 &2814570093053362319
GameObject:
  m_ObjectHideFlags: 0
  m_CorrespondingSourceObject: {fileID: 0}
  m_PrefabInstance: {fileID: 0}
  m_PrefabAsset: {fileID: 0}
  serializedVersion: 6
  m_Component:
  - component: {fileID: 2814570093053598959}
  m_Layer: 0
  m_Name: Hip02_L
  m_TagString: Untagged
  m_Icon: {fileID: 0}
  m_NavMeshLayer: 0
  m_StaticEditorFlags: 0
  m_IsActive: 1
--- !u!4 &2814570093053598959
Transform:
  m_ObjectHideFlags: 0
  m_CorrespondingSourceObject: {fileID: 0}
  m_PrefabInstance: {fileID: 0}
  m_PrefabAsset: {fileID: 0}
  m_GameObject: {fileID: 2814570093053362319}
  m_LocalRotation: {x: 0.018261196, y: 0.025577102, z: -0.017847368, w: 0.99934673}
  m_LocalPosition: {x: -0.0025121444, y: -0.0000000028684735, z: 1.862645e-10}
  m_LocalScale: {x: 0.99999994, y: 1, z: 1}
  m_Children: []
  m_Father: {fileID: 2814570093053598931}
  m_RootOrder: 0
  m_LocalEulerAnglesHint: {x: 0, y: 0, z: 0}
--- !u!1 &2814570093053362321
GameObject:
  m_ObjectHideFlags: 0
  m_CorrespondingSourceObject: {fileID: 0}
  m_PrefabInstance: {fileID: 0}
  m_PrefabAsset: {fileID: 0}
  serializedVersion: 6
  m_Component:
  - component: {fileID: 2814570093053598961}
  m_Layer: 0
  m_Name: PistonLower_L
  m_TagString: Untagged
  m_Icon: {fileID: 0}
  m_NavMeshLayer: 0
  m_StaticEditorFlags: 0
  m_IsActive: 1
--- !u!4 &2814570093053598961
Transform:
  m_ObjectHideFlags: 0
  m_CorrespondingSourceObject: {fileID: 0}
  m_PrefabInstance: {fileID: 0}
  m_PrefabAsset: {fileID: 0}
  m_GameObject: {fileID: 2814570093053362321}
  m_LocalRotation: {x: 0.0006426126, y: 0.024231035, z: 0.00036358653, w: 0.99970615}
  m_LocalPosition: {x: -0.0041920687, y: -6.1467287e-10, z: 2.598972e-10}
  m_LocalScale: {x: 1, y: 1, z: 0.9999999}
  m_Children: []
  m_Father: {fileID: 2814570093053598969}
  m_RootOrder: 0
  m_LocalEulerAnglesHint: {x: 0, y: 0, z: 0}
--- !u!1 &2814570093053362323
GameObject:
  m_ObjectHideFlags: 0
  m_CorrespondingSourceObject: {fileID: 0}
  m_PrefabInstance: {fileID: 0}
  m_PrefabAsset: {fileID: 0}
  serializedVersion: 6
  m_Component:
  - component: {fileID: 2814570093053598963}
  m_Layer: 0
  m_Name: PistonLower_R
  m_TagString: Untagged
  m_Icon: {fileID: 0}
  m_NavMeshLayer: 0
  m_StaticEditorFlags: 0
  m_IsActive: 1
--- !u!4 &2814570093053598963
Transform:
  m_ObjectHideFlags: 0
  m_CorrespondingSourceObject: {fileID: 0}
  m_PrefabInstance: {fileID: 0}
  m_PrefabAsset: {fileID: 0}
  m_GameObject: {fileID: 2814570093053362323}
  m_LocalRotation: {x: 0.0005177426, y: 0.027022984, z: -0.00013712715, w: 0.9996347}
  m_LocalPosition: {x: -0.0041920687, y: -2.4287147e-10, z: 1.9441358e-10}
  m_LocalScale: {x: 0.9999999, y: 0.9999999, z: 0.99999994}
  m_Children: []
  m_Father: {fileID: 2814570093053598971}
  m_RootOrder: 0
  m_LocalEulerAnglesHint: {x: 0, y: 0, z: 0}
--- !u!1 &2814570093053362325
GameObject:
  m_ObjectHideFlags: 0
  m_CorrespondingSourceObject: {fileID: 0}
  m_PrefabInstance: {fileID: 0}
  m_PrefabAsset: {fileID: 0}
  serializedVersion: 6
  m_Component:
  - component: {fileID: 2814570093053598965}
  m_Layer: 0
  m_Name: PistonBaseUpper_L
  m_TagString: Untagged
  m_Icon: {fileID: 0}
  m_NavMeshLayer: 0
  m_StaticEditorFlags: 0
  m_IsActive: 1
--- !u!4 &2814570093053598965
Transform:
  m_ObjectHideFlags: 0
  m_CorrespondingSourceObject: {fileID: 0}
  m_PrefabInstance: {fileID: 0}
  m_PrefabAsset: {fileID: 0}
  m_GameObject: {fileID: 2814570093053362325}
  m_LocalRotation: {x: -0.1807495, y: 0.7000202, z: -0.6653328, w: -0.18610118}
  m_LocalPosition: {x: -0.013505056, y: 0.0000000019621802, z: 0.0000000013643875}
  m_LocalScale: {x: 1, y: 1, z: 0.99999976}
  m_Children:
  - {fileID: 2814570093053598859}
  m_Father: {fileID: 2814570093053598885}
  m_RootOrder: 1
  m_LocalEulerAnglesHint: {x: 0, y: 0, z: 0}
--- !u!1 &2814570093053362327
GameObject:
  m_ObjectHideFlags: 0
  m_CorrespondingSourceObject: {fileID: 0}
  m_PrefabInstance: {fileID: 0}
  m_PrefabAsset: {fileID: 0}
  serializedVersion: 6
  m_Component:
  - component: {fileID: 2814570093053598967}
  m_Layer: 0
  m_Name: PistonBaseUpper_R
  m_TagString: Untagged
  m_Icon: {fileID: 0}
  m_NavMeshLayer: 0
  m_StaticEditorFlags: 0
  m_IsActive: 1
--- !u!4 &2814570093053598967
Transform:
  m_ObjectHideFlags: 0
  m_CorrespondingSourceObject: {fileID: 0}
  m_PrefabInstance: {fileID: 0}
  m_PrefabAsset: {fileID: 0}
  m_GameObject: {fileID: 2814570093053362327}
  m_LocalRotation: {x: -0.17668568, y: 0.70001054, z: -0.6653429, w: -0.1899637}
  m_LocalPosition: {x: -0.013505058, y: 1.2456439e-10, z: 8.707866e-10}
  m_LocalScale: {x: 1.0000001, y: 1.0000002, z: 1.0000004}
  m_Children:
  - {fileID: 2814570093053598853}
  m_Father: {fileID: 2814570093053598887}
  m_RootOrder: 1
  m_LocalEulerAnglesHint: {x: 0, y: 0, z: 0}
--- !u!1 &2814570093053362329
GameObject:
  m_ObjectHideFlags: 0
  m_CorrespondingSourceObject: {fileID: 0}
  m_PrefabInstance: {fileID: 0}
  m_PrefabAsset: {fileID: 0}
  serializedVersion: 6
  m_Component:
  - component: {fileID: 2814570093053598969}
  m_Layer: 0
  m_Name: PistonBaseLower_L
  m_TagString: Untagged
  m_Icon: {fileID: 0}
  m_NavMeshLayer: 0
  m_StaticEditorFlags: 0
  m_IsActive: 1
--- !u!4 &2814570093053598969
Transform:
  m_ObjectHideFlags: 0
  m_CorrespondingSourceObject: {fileID: 0}
  m_PrefabInstance: {fileID: 0}
  m_PrefabAsset: {fileID: 0}
  m_GameObject: {fileID: 2814570093053362329}
  m_LocalRotation: {x: -0.54527193, y: 0.0002749586, z: 0.8382579, w: -0.0014871503}
  m_LocalPosition: {x: -0.0063131824, y: 0.000000001097651, z: 1.1757949e-10}
  m_LocalScale: {x: 0.9999999, y: 1, z: 0.9999998}
  m_Children:
  - {fileID: 2814570093053598961}
  m_Father: {fileID: 2814570093053598939}
  m_RootOrder: 0
  m_LocalEulerAnglesHint: {x: 0, y: 0, z: 0}
--- !u!1 &2814570093053362331
GameObject:
  m_ObjectHideFlags: 0
  m_CorrespondingSourceObject: {fileID: 0}
  m_PrefabInstance: {fileID: 0}
  m_PrefabAsset: {fileID: 0}
  serializedVersion: 6
  m_Component:
  - component: {fileID: 2814570093053598971}
  m_Layer: 0
  m_Name: PistonBaseLower_R
  m_TagString: Untagged
  m_Icon: {fileID: 0}
  m_NavMeshLayer: 0
  m_StaticEditorFlags: 0
  m_IsActive: 1
--- !u!4 &2814570093053598971
Transform:
  m_ObjectHideFlags: 0
  m_CorrespondingSourceObject: {fileID: 0}
  m_PrefabInstance: {fileID: 0}
  m_PrefabAsset: {fileID: 0}
  m_GameObject: {fileID: 2814570093053362331}
  m_LocalRotation: {x: -0.54527324, y: -0.0012481101, z: 0.8382571, w: 0.0008541319}
  m_LocalPosition: {x: -0.0063131824, y: -3.8329745e-10, z: -8.13452e-11}
  m_LocalScale: {x: 0.9999998, y: 1, z: 0.9999999}
  m_Children:
  - {fileID: 2814570093053598963}
  - {fileID: 2814570093053598861}
  m_Father: {fileID: 2814570093053598933}
  m_RootOrder: 0
  m_LocalEulerAnglesHint: {x: 0, y: 0, z: 0}
--- !u!1 &2814570093053362333
GameObject:
  m_ObjectHideFlags: 0
  m_CorrespondingSourceObject: {fileID: 0}
  m_PrefabInstance: {fileID: 0}
  m_PrefabAsset: {fileID: 0}
  serializedVersion: 6
  m_Component:
  - component: {fileID: 2814570093053598973}
  m_Layer: 0
  m_Name: Mortar
  m_TagString: Untagged
  m_Icon: {fileID: 0}
  m_NavMeshLayer: 0
  m_StaticEditorFlags: 0
  m_IsActive: 1
--- !u!4 &2814570093053598973
Transform:
  m_ObjectHideFlags: 0
  m_CorrespondingSourceObject: {fileID: 0}
  m_PrefabInstance: {fileID: 0}
  m_PrefabAsset: {fileID: 0}
  m_GameObject: {fileID: 2814570093053362333}
  m_LocalRotation: {x: 0.7071068, y: -0.00000009415696, z: -0.7071067, w: -0.00000009415697}
  m_LocalPosition: {x: -0.025533859, y: -0.0109255435, z: -0.0035117813}
  m_LocalScale: {x: 0.99999976, y: 1, z: 1}
  m_Children: []
  m_Father: {fileID: 2814570093053598941}
  m_RootOrder: 8
  m_LocalEulerAnglesHint: {x: 0, y: 0, z: 0}
--- !u!1 &2814570093053362335
GameObject:
  m_ObjectHideFlags: 0
  m_CorrespondingSourceObject: {fileID: 0}
  m_PrefabInstance: {fileID: 0}
  m_PrefabAsset: {fileID: 0}
  serializedVersion: 6
  m_Component:
  - component: {fileID: 2814570093053598975}
  m_Layer: 0
  m_Name: Pelvis
  m_TagString: Untagged
  m_Icon: {fileID: 0}
  m_NavMeshLayer: 0
  m_StaticEditorFlags: 0
  m_IsActive: 1
--- !u!4 &2814570093053598975
Transform:
  m_ObjectHideFlags: 0
  m_CorrespondingSourceObject: {fileID: 0}
  m_PrefabInstance: {fileID: 0}
  m_PrefabAsset: {fileID: 0}
  m_GameObject: {fileID: 2814570093053362335}
  m_LocalRotation: {x: 0.00000011098621, y: 0.7071065, z: -0.00000011098612, w: 0.70710707}
  m_LocalPosition: {x: -0.0067891097, y: -0.0000000121797274, z: -0.032883924}
  m_LocalScale: {x: 0.99999994, y: 1, z: 0.99999994}
  m_Children:
  - {fileID: 2814570093053598941}
  - {fileID: 2814570093053598931}
  - {fileID: 2814570093053598957}
  - {fileID: 2814570093053598885}
  - {fileID: 2814570093053598887}
  m_Father: {fileID: 2814570093053598855}
  m_RootOrder: 0
  m_LocalEulerAnglesHint: {x: 0, y: 0, z: 0}
--- !u!1 &2814570093053362337
GameObject:
  m_ObjectHideFlags: 0
  m_CorrespondingSourceObject: {fileID: 0}
  m_PrefabInstance: {fileID: 0}
  m_PrefabAsset: {fileID: 0}
  serializedVersion: 6
  m_Component:
  - component: {fileID: 2814570093053598849}
  m_Layer: 0
  m_Name: ShinShield_L
  m_TagString: Untagged
  m_Icon: {fileID: 0}
  m_NavMeshLayer: 0
  m_StaticEditorFlags: 0
  m_IsActive: 1
--- !u!4 &2814570093053598849
Transform:
  m_ObjectHideFlags: 0
  m_CorrespondingSourceObject: {fileID: 0}
  m_PrefabInstance: {fileID: 0}
  m_PrefabAsset: {fileID: 0}
  m_GameObject: {fileID: 2814570093053362337}
  m_LocalRotation: {x: -0.5654241, y: 0.0009757799, z: 0.8247985, w: -0.0014478118}
  m_LocalPosition: {x: -0.005715939, y: 0.000012395556, z: 0.004307535}
  m_LocalScale: {x: 0.9999999, y: 1, z: 0.9999998}
  m_Children: []
  m_Father: {fileID: 2814570093053598939}
  m_RootOrder: 1
  m_LocalEulerAnglesHint: {x: 0, y: 0, z: 0}
--- !u!1 &2814570093053362339
GameObject:
  m_ObjectHideFlags: 0
  m_CorrespondingSourceObject: {fileID: 0}
  m_PrefabInstance: {fileID: 0}
  m_PrefabAsset: {fileID: 0}
  serializedVersion: 6
  m_Component:
  - component: {fileID: 2814570093053598851}
  m_Layer: 0
  m_Name: ShinShield_R
  m_TagString: Untagged
  m_Icon: {fileID: 0}
  m_NavMeshLayer: 0
  m_StaticEditorFlags: 0
  m_IsActive: 1
--- !u!4 &2814570093053598851
Transform:
  m_ObjectHideFlags: 0
  m_CorrespondingSourceObject: {fileID: 0}
  m_PrefabInstance: {fileID: 0}
  m_PrefabAsset: {fileID: 0}
  m_GameObject: {fileID: 2814570093053362339}
  m_LocalRotation: {x: -0.5677255, y: -0.00086292176, z: 0.82321656, w: 0.0012864629}
  m_LocalPosition: {x: -0.005715939, y: -0.000012395035, z: 0.0043075345}
  m_LocalScale: {x: 0.99999964, y: 0.99999994, z: 0.9999998}
  m_Children: []
  m_Father: {fileID: 2814570093053598933}
  m_RootOrder: 1
  m_LocalEulerAnglesHint: {x: 0, y: 0, z: 0}
--- !u!1 &2814570093053362341
GameObject:
  m_ObjectHideFlags: 0
  m_CorrespondingSourceObject: {fileID: 0}
  m_PrefabInstance: {fileID: 0}
  m_PrefabAsset: {fileID: 0}
  serializedVersion: 6
  m_Component:
  - component: {fileID: 2814570093053598853}
  m_Layer: 0
  m_Name: PistonUpper_R
  m_TagString: Untagged
  m_Icon: {fileID: 0}
  m_NavMeshLayer: 0
  m_StaticEditorFlags: 0
  m_IsActive: 1
--- !u!4 &2814570093053598853
Transform:
  m_ObjectHideFlags: 0
  m_CorrespondingSourceObject: {fileID: 0}
  m_PrefabInstance: {fileID: 0}
  m_PrefabAsset: {fileID: 0}
  m_GameObject: {fileID: 2814570093053362341}
  m_LocalRotation: {x: 0.56073886, y: -0.43139288, z: -0.45710525, w: 0.5390054}
  m_LocalPosition: {x: -0.0050212527, y: 0.0000000015646219, z: 0.0000000022739186}
  m_LocalScale: {x: 0.9999998, y: 0.9999998, z: 0.9999999}
  m_Children:
  - {fileID: 2814570093053598857}
  m_Father: {fileID: 2814570093053598967}
  m_RootOrder: 0
  m_LocalEulerAnglesHint: {x: 0, y: 0, z: 0}
--- !u!1 &2814570093053362343
GameObject:
  m_ObjectHideFlags: 0
  m_CorrespondingSourceObject: {fileID: 0}
  m_PrefabInstance: {fileID: 0}
  m_PrefabAsset: {fileID: 0}
  serializedVersion: 6
  m_Component:
  - component: {fileID: 2814570093053598855}
  m_Layer: 0
  m_Name: Root
  m_TagString: Untagged
  m_Icon: {fileID: 0}
  m_NavMeshLayer: 0
  m_StaticEditorFlags: 0
  m_IsActive: 1
--- !u!4 &2814570093053598855
Transform:
  m_ObjectHideFlags: 0
  m_CorrespondingSourceObject: {fileID: 0}
  m_PrefabInstance: {fileID: 0}
  m_PrefabAsset: {fileID: 0}
  m_GameObject: {fileID: 2814570093053362343}
  m_LocalRotation: {x: 0.7071068, y: 0.7071067, z: 0.00000010991034, w: -0.00000029822425}
  m_LocalPosition: {x: -0, y: 0, z: -7.4505804e-11}
  m_LocalScale: {x: 1, y: 1, z: 1}
  m_Children:
  - {fileID: 2814570093053598975}
  m_Father: {fileID: 2814570093053598951}
  m_RootOrder: 0
  m_LocalEulerAnglesHint: {x: 0, y: 0, z: 0}
--- !u!1 &2814570093053362345
GameObject:
  m_ObjectHideFlags: 0
  m_CorrespondingSourceObject: {fileID: 0}
  m_PrefabInstance: {fileID: 0}
  m_PrefabAsset: {fileID: 0}
  serializedVersion: 6
  m_Component:
  - component: {fileID: 2814570093053598857}
  m_Layer: 0
  m_Name: PistonMedian_R
  m_TagString: Untagged
  m_Icon: {fileID: 0}
  m_NavMeshLayer: 0
  m_StaticEditorFlags: 0
  m_IsActive: 1
--- !u!4 &2814570093053598857
Transform:
  m_ObjectHideFlags: 0
  m_CorrespondingSourceObject: {fileID: 0}
  m_PrefabInstance: {fileID: 0}
  m_PrefabAsset: {fileID: 0}
  m_GameObject: {fileID: 2814570093053362345}
  m_LocalRotation: {x: 0.0018679069, y: -0.008649166, z: -0.00032880736, w: 0.99996084}
  m_LocalPosition: {x: -0.006641755, y: -0.00000027386704, z: 0.00000017439946}
  m_LocalScale: {x: 1.0000005, y: 1.0000004, z: 1}
  m_Children: []
  m_Father: {fileID: 2814570093053598853}
  m_RootOrder: 0
  m_LocalEulerAnglesHint: {x: 0, y: 0, z: 0}
--- !u!1 &2814570093053362347
GameObject:
  m_ObjectHideFlags: 0
  m_CorrespondingSourceObject: {fileID: 0}
  m_PrefabInstance: {fileID: 0}
  m_PrefabAsset: {fileID: 0}
  serializedVersion: 6
  m_Component:
  - component: {fileID: 2814570093053598859}
  m_Layer: 0
  m_Name: PistonUpper_L
  m_TagString: Untagged
  m_Icon: {fileID: 0}
  m_NavMeshLayer: 0
  m_StaticEditorFlags: 0
  m_IsActive: 1
--- !u!4 &2814570093053598859
Transform:
  m_ObjectHideFlags: 0
  m_CorrespondingSourceObject: {fileID: 0}
  m_PrefabInstance: {fileID: 0}
  m_PrefabAsset: {fileID: 0}
  m_GameObject: {fileID: 2814570093053362347}
  m_LocalRotation: {x: 0.56759393, y: -0.4336452, z: -0.45315033, w: 0.5333327}
  m_LocalPosition: {x: -0.005021253, y: -0.000000002440065, z: -5.0873494e-10}
  m_LocalScale: {x: 1, y: 0.9999998, z: 1}
  m_Children:
  - {fileID: 2814570093053598863}
  m_Father: {fileID: 2814570093053598965}
  m_RootOrder: 0
  m_LocalEulerAnglesHint: {x: 0, y: 0, z: 0}
--- !u!1 &2814570093053362349
GameObject:
  m_ObjectHideFlags: 0
  m_CorrespondingSourceObject: {fileID: 0}
  m_PrefabInstance: {fileID: 0}
  m_PrefabAsset: {fileID: 0}
  serializedVersion: 6
  m_Component:
  - component: {fileID: 2814570093053598861}
  m_Layer: 0
  m_Name: PistonLower_R_001
  m_TagString: Untagged
  m_Icon: {fileID: 0}
  m_NavMeshLayer: 0
  m_StaticEditorFlags: 0
  m_IsActive: 1
--- !u!4 &2814570093053598861
Transform:
  m_ObjectHideFlags: 0
  m_CorrespondingSourceObject: {fileID: 0}
  m_PrefabInstance: {fileID: 0}
  m_PrefabAsset: {fileID: 0}
  m_GameObject: {fileID: 2814570093053362349}
  m_LocalRotation: {x: 0.0005177426, y: 0.027022984, z: -0.00013712715, w: 0.9996347}
  m_LocalPosition: {x: -0.0041920687, y: -2.4287147e-10, z: 1.9441358e-10}
  m_LocalScale: {x: 0.9999999, y: 0.9999999, z: 0.99999994}
  m_Children: []
  m_Father: {fileID: 2814570093053598971}
  m_RootOrder: 1
  m_LocalEulerAnglesHint: {x: 0, y: 0, z: 0}
--- !u!1 &2814570093053362351
GameObject:
  m_ObjectHideFlags: 0
  m_CorrespondingSourceObject: {fileID: 0}
  m_PrefabInstance: {fileID: 0}
  m_PrefabAsset: {fileID: 0}
  serializedVersion: 6
  m_Component:
  - component: {fileID: 2814570093053598863}
  m_Layer: 0
  m_Name: PistonMedian_L
  m_TagString: Untagged
  m_Icon: {fileID: 0}
  m_NavMeshLayer: 0
  m_StaticEditorFlags: 0
  m_IsActive: 1
--- !u!4 &2814570093053598863
Transform:
  m_ObjectHideFlags: 0
  m_CorrespondingSourceObject: {fileID: 0}
  m_PrefabInstance: {fileID: 0}
  m_PrefabAsset: {fileID: 0}
  m_GameObject: {fileID: 2814570093053362351}
  m_LocalRotation: {x: -0.0018679495, y: -0.00864916, z: 0.000328725, w: 0.99996084}
  m_LocalPosition: {x: -0.0066410587, y: 0.00000021143117, z: 0.00000014664604}
  m_LocalScale: {x: 1.0000001, y: 1.0000004, z: 1.0000002}
  m_Children: []
  m_Father: {fileID: 2814570093053598859}
  m_RootOrder: 0
  m_LocalEulerAnglesHint: {x: 0, y: 0, z: 0}
--- !u!1 &2814570093053362353
GameObject:
  m_ObjectHideFlags: 0
  m_CorrespondingSourceObject: {fileID: 0}
  m_PrefabInstance: {fileID: 0}
  m_PrefabAsset: {fileID: 0}
  serializedVersion: 6
  m_Component:
  - component: {fileID: 2814570093053598865}
  m_Layer: 0
  m_Name: Toe2_L
  m_TagString: Untagged
  m_Icon: {fileID: 0}
  m_NavMeshLayer: 0
  m_StaticEditorFlags: 0
  m_IsActive: 1
--- !u!4 &2814570093053598865
Transform:
  m_ObjectHideFlags: 0
  m_CorrespondingSourceObject: {fileID: 0}
  m_PrefabInstance: {fileID: 0}
  m_PrefabAsset: {fileID: 0}
  m_GameObject: {fileID: 2814570093053362353}
  m_LocalRotation: {x: 0.015201568, y: -0.16386999, z: 0.30842727, w: 0.9369035}
  m_LocalPosition: {x: -0.007667576, y: -0.0018733067, z: 0.000089096466}
  m_LocalScale: {x: 1.0000004, y: 1.0000001, z: 1.0000001}
  m_Children:
  - {fileID: 2814570093053598889}
  m_Father: {fileID: 2814570093053598939}
  m_RootOrder: 3
  m_LocalEulerAnglesHint: {x: 0, y: 0, z: 0}
--- !u!1 &2814570093053362355
GameObject:
  m_ObjectHideFlags: 0
  m_CorrespondingSourceObject: {fileID: 0}
  m_PrefabInstance: {fileID: 0}
  m_PrefabAsset: {fileID: 0}
  serializedVersion: 6
  m_Component:
  - component: {fileID: 2814570093053598867}
  m_Layer: 0
  m_Name: Toe2_R
  m_TagString: Untagged
  m_Icon: {fileID: 0}
  m_NavMeshLayer: 0
  m_StaticEditorFlags: 0
  m_IsActive: 1
--- !u!4 &2814570093053598867
Transform:
  m_ObjectHideFlags: 0
  m_CorrespondingSourceObject: {fileID: 0}
  m_PrefabInstance: {fileID: 0}
  m_PrefabAsset: {fileID: 0}
  m_GameObject: {fileID: 2814570093053362355}
  m_LocalRotation: {x: -0.0022254304, y: -0.124295466, z: -0.3083374, w: 0.94311917}
  m_LocalPosition: {x: -0.007667576, y: 0.0018733098, z: 0.00008909641}
  m_LocalScale: {x: 0.9999999, y: 0.9999998, z: 1.0000001}
  m_Children:
  - {fileID: 2814570093053598891}
  m_Father: {fileID: 2814570093053598933}
  m_RootOrder: 3
  m_LocalEulerAnglesHint: {x: 0, y: 0, z: 0}
--- !u!1 &2814570093053362357
GameObject:
  m_ObjectHideFlags: 0
  m_CorrespondingSourceObject: {fileID: 0}
  m_PrefabInstance: {fileID: 0}
  m_PrefabAsset: {fileID: 0}
  serializedVersion: 6
  m_Component:
  - component: {fileID: 2814570093053598869}
  m_Layer: 0
  m_Name: Toe1_L
  m_TagString: Untagged
  m_Icon: {fileID: 0}
  m_NavMeshLayer: 0
  m_StaticEditorFlags: 0
  m_IsActive: 1
--- !u!4 &2814570093053598869
Transform:
  m_ObjectHideFlags: 0
  m_CorrespondingSourceObject: {fileID: 0}
  m_PrefabInstance: {fileID: 0}
  m_PrefabAsset: {fileID: 0}
  m_GameObject: {fileID: 2814570093053362357}
  m_LocalRotation: {x: -0.07675311, y: -0.16997072, z: -0.35597405, w: 0.9156972}
  m_LocalPosition: {x: -0.0076233004, y: 0.0019888077, z: 0.00008909628}
  m_LocalScale: {x: 1.0000001, y: 1.0000001, z: 0.9999999}
  m_Children:
  - {fileID: 2814570093053598893}
  m_Father: {fileID: 2814570093053598939}
  m_RootOrder: 2
  m_LocalEulerAnglesHint: {x: 0, y: 0, z: 0}
--- !u!1 &2814570093053362359
GameObject:
  m_ObjectHideFlags: 0
  m_CorrespondingSourceObject: {fileID: 0}
  m_PrefabInstance: {fileID: 0}
  m_PrefabAsset: {fileID: 0}
  serializedVersion: 6
  m_Component:
  - component: {fileID: 2814570093053598871}
  m_Layer: 0
  m_Name: Toe1_R
  m_TagString: Untagged
  m_Icon: {fileID: 0}
  m_NavMeshLayer: 0
  m_StaticEditorFlags: 0
  m_IsActive: 1
--- !u!4 &2814570093053598871
Transform:
  m_ObjectHideFlags: 0
  m_CorrespondingSourceObject: {fileID: 0}
  m_PrefabInstance: {fileID: 0}
  m_PrefabAsset: {fileID: 0}
  m_GameObject: {fileID: 2814570093053362359}
  m_LocalRotation: {x: 0.07662739, y: -0.16958281, z: 0.3564483, w: 0.9155952}
  m_LocalPosition: {x: -0.007623301, y: -0.0019888058, z: 0.000089095854}
  m_LocalScale: {x: 1, y: 1.0000001, z: 1}
  m_Children:
  - {fileID: 2814570093053598895}
  m_Father: {fileID: 2814570093053598933}
  m_RootOrder: 2
  m_LocalEulerAnglesHint: {x: 0, y: 0, z: 0}
--- !u!1 &2814570093053362361
GameObject:
  m_ObjectHideFlags: 0
  m_CorrespondingSourceObject: {fileID: 0}
  m_PrefabInstance: {fileID: 0}
  m_PrefabAsset: {fileID: 0}
  serializedVersion: 6
  m_Component:
  - component: {fileID: 2814570093053598873}
  m_Layer: 0
  m_Name: SmallCanon02_L
  m_TagString: Untagged
  m_Icon: {fileID: 0}
  m_NavMeshLayer: 0
  m_StaticEditorFlags: 0
  m_IsActive: 1
--- !u!4 &2814570093053598873
Transform:
  m_ObjectHideFlags: 0
  m_CorrespondingSourceObject: {fileID: 0}
  m_PrefabInstance: {fileID: 0}
  m_PrefabAsset: {fileID: 0}
  m_GameObject: {fileID: 2814570093053362361}
  m_LocalRotation: {x: 0.7071068, y: -0.00000009415696, z: -0.7071067, w: -0.00000009415697}
  m_LocalPosition: {x: -0.014495029, y: -0.015445906, z: 0.0068563404}
  m_LocalScale: {x: 0.9999999, y: 1, z: 1.0000001}
  m_Children: []
  m_Father: {fileID: 2814570093053598941}
  m_RootOrder: 11
  m_LocalEulerAnglesHint: {x: 0, y: 0, z: 0}
--- !u!1 &2814570093053362363
GameObject:
  m_ObjectHideFlags: 0
  m_CorrespondingSourceObject: {fileID: 0}
  m_PrefabInstance: {fileID: 0}
  m_PrefabAsset: {fileID: 0}
  serializedVersion: 6
  m_Component:
  - component: {fileID: 2814570093053598875}
  m_Layer: 0
  m_Name: SmallCanon02_R
  m_TagString: Untagged
  m_Icon: {fileID: 0}
  m_NavMeshLayer: 0
  m_StaticEditorFlags: 0
  m_IsActive: 1
--- !u!4 &2814570093053598875
Transform:
  m_ObjectHideFlags: 0
  m_CorrespondingSourceObject: {fileID: 0}
  m_PrefabInstance: {fileID: 0}
  m_PrefabAsset: {fileID: 0}
  m_GameObject: {fileID: 2814570093053362363}
  m_LocalRotation: {x: 0.7071068, y: -0.00000009415696, z: -0.7071067, w: -0.00000009415697}
  m_LocalPosition: {x: -0.014495026, y: 0.015445906, z: 0.006856344}
  m_LocalScale: {x: 0.99999976, y: 1, z: 0.9999999}
  m_Children: []
  m_Father: {fileID: 2814570093053598941}
  m_RootOrder: 12
  m_LocalEulerAnglesHint: {x: 0, y: 0, z: 0}
--- !u!1 &2814570093053362365
GameObject:
  m_ObjectHideFlags: 0
  m_CorrespondingSourceObject: {fileID: 0}
  m_PrefabInstance: {fileID: 0}
  m_PrefabAsset: {fileID: 0}
  serializedVersion: 6
  m_Component:
  - component: {fileID: 2814570093053598877}
  m_Layer: 0
  m_Name: SmallCanon01_L
  m_TagString: Untagged
  m_Icon: {fileID: 0}
  m_NavMeshLayer: 0
  m_StaticEditorFlags: 0
  m_IsActive: 1
--- !u!4 &2814570093053598877
Transform:
  m_ObjectHideFlags: 0
  m_CorrespondingSourceObject: {fileID: 0}
  m_PrefabInstance: {fileID: 0}
  m_PrefabAsset: {fileID: 0}
  m_GameObject: {fileID: 2814570093053362365}
  m_LocalRotation: {x: 0.7071068, y: -0.00000009415696, z: -0.7071067, w: -0.00000009415697}
  m_LocalPosition: {x: -0.015742106, y: -0.014094904, z: 0.006856342}
  m_LocalScale: {x: 0.9999999, y: 1, z: 0.9999999}
  m_Children: []
  m_Father: {fileID: 2814570093053598941}
  m_RootOrder: 9
  m_LocalEulerAnglesHint: {x: 0, y: 0, z: 0}
--- !u!1 &2814570093053362367
GameObject:
  m_ObjectHideFlags: 0
  m_CorrespondingSourceObject: {fileID: 0}
  m_PrefabInstance: {fileID: 0}
  m_PrefabAsset: {fileID: 0}
  serializedVersion: 6
  m_Component:
  - component: {fileID: 2814570093053598879}
  m_Layer: 0
  m_Name: SmallCanon01_R
  m_TagString: Untagged
  m_Icon: {fileID: 0}
  m_NavMeshLayer: 0
  m_StaticEditorFlags: 0
  m_IsActive: 1
--- !u!4 &2814570093053598879
Transform:
  m_ObjectHideFlags: 0
  m_CorrespondingSourceObject: {fileID: 0}
  m_PrefabInstance: {fileID: 0}
  m_PrefabAsset: {fileID: 0}
  m_GameObject: {fileID: 2814570093053362367}
  m_LocalRotation: {x: 0.7071068, y: -0.00000009415696, z: -0.7071067, w: -0.00000009415697}
  m_LocalPosition: {x: -0.015742105, y: 0.014094904, z: 0.006856344}
  m_LocalScale: {x: 0.99999976, y: 1, z: 1}
  m_Children: []
  m_Father: {fileID: 2814570093053598941}
  m_RootOrder: 10
  m_LocalEulerAnglesHint: {x: 0, y: 0, z: 0}
--- !u!1 &2814570093053362401
GameObject:
  m_ObjectHideFlags: 0
  m_CorrespondingSourceObject: {fileID: 0}
  m_PrefabInstance: {fileID: 0}
  m_PrefabAsset: {fileID: 0}
  serializedVersion: 6
  m_Component:
  - component: {fileID: 2814570093053598913}
  m_Layer: 0
  m_Name: BigCanon02Stretcher_L
  m_TagString: Untagged
  m_Icon: {fileID: 0}
  m_NavMeshLayer: 0
  m_StaticEditorFlags: 0
  m_IsActive: 1
--- !u!4 &2814570093053598913
Transform:
  m_ObjectHideFlags: 0
  m_CorrespondingSourceObject: {fileID: 0}
  m_PrefabInstance: {fileID: 0}
  m_PrefabAsset: {fileID: 0}
  m_GameObject: {fileID: 2814570093053362401}
  m_LocalRotation: {x: 0.00000004371138, y: -6.850417e-15, z: 2.103122e-15, w: 1}
  m_LocalPosition: {x: -0.012281463, y: -0.013232346, z: 0.013879909}
  m_LocalScale: {x: 1, y: 1, z: 1}
  m_Children: []
  m_Father: {fileID: 2814570093053598941}
  m_RootOrder: 6
  m_LocalEulerAnglesHint: {x: 0, y: 0, z: 0}
--- !u!1 &2814570093053362403
GameObject:
  m_ObjectHideFlags: 0
  m_CorrespondingSourceObject: {fileID: 0}
  m_PrefabInstance: {fileID: 0}
  m_PrefabAsset: {fileID: 0}
  serializedVersion: 6
  m_Component:
  - component: {fileID: 2814570093053598915}
  m_Layer: 0
  m_Name: BigCanon02Stretcher_R
  m_TagString: Untagged
  m_Icon: {fileID: 0}
  m_NavMeshLayer: 0
  m_StaticEditorFlags: 0
  m_IsActive: 1
--- !u!4 &2814570093053598915
Transform:
  m_ObjectHideFlags: 0
  m_CorrespondingSourceObject: {fileID: 0}
  m_PrefabInstance: {fileID: 0}
  m_PrefabAsset: {fileID: 0}
  m_GameObject: {fileID: 2814570093053362403}
  m_LocalRotation: {x: 0.00000004371138, y: -6.850417e-15, z: 2.103122e-15, w: 1}
  m_LocalPosition: {x: -0.012281462, y: 0.013232346, z: 0.013879912}
  m_LocalScale: {x: 1, y: 1, z: 1}
  m_Children: []
  m_Father: {fileID: 2814570093053598941}
  m_RootOrder: 7
  m_LocalEulerAnglesHint: {x: 0, y: 0, z: 0}
--- !u!1 &2814570093053362405
GameObject:
  m_ObjectHideFlags: 0
  m_CorrespondingSourceObject: {fileID: 0}
  m_PrefabInstance: {fileID: 0}
  m_PrefabAsset: {fileID: 0}
  serializedVersion: 6
  m_Component:
  - component: {fileID: 2814570093053598917}
  m_Layer: 0
  m_Name: BigCanon02_L
  m_TagString: Untagged
  m_Icon: {fileID: 0}
  m_NavMeshLayer: 0
  m_StaticEditorFlags: 0
  m_IsActive: 1
--- !u!4 &2814570093053598917
Transform:
  m_ObjectHideFlags: 0
  m_CorrespondingSourceObject: {fileID: 0}
  m_PrefabInstance: {fileID: 0}
  m_PrefabAsset: {fileID: 0}
  m_GameObject: {fileID: 2814570093053362405}
  m_LocalRotation: {x: 0.7071068, y: -0.00000009415696, z: -0.7071067, w: -0.00000009415697}
  m_LocalPosition: {x: -0.01228147, y: -0.013232344, z: 0.006856343}
  m_LocalScale: {x: 0.9999999, y: 0.9999999, z: 0.99999976}
  m_Children: []
  m_Father: {fileID: 2814570093053598941}
  m_RootOrder: 4
  m_LocalEulerAnglesHint: {x: 0, y: 0, z: 0}
--- !u!1 &2814570093053362407
GameObject:
  m_ObjectHideFlags: 0
  m_CorrespondingSourceObject: {fileID: 0}
  m_PrefabInstance: {fileID: 0}
  m_PrefabAsset: {fileID: 0}
  serializedVersion: 6
  m_Component:
  - component: {fileID: 2814570093053598919}
  m_Layer: 0
  m_Name: BigCanon02_R
  m_TagString: Untagged
  m_Icon: {fileID: 0}
  m_NavMeshLayer: 0
  m_StaticEditorFlags: 0
  m_IsActive: 1
--- !u!4 &2814570093053598919
Transform:
  m_ObjectHideFlags: 0
  m_CorrespondingSourceObject: {fileID: 0}
  m_PrefabInstance: {fileID: 0}
  m_PrefabAsset: {fileID: 0}
  m_GameObject: {fileID: 2814570093053362407}
  m_LocalRotation: {x: 0.7071068, y: -0.00000009415696, z: -0.7071067, w: -0.00000009415697}
  m_LocalPosition: {x: -0.012281467, y: 0.013232344, z: 0.006856344}
  m_LocalScale: {x: 0.99999976, y: 1, z: 1}
  m_Children: []
  m_Father: {fileID: 2814570093053598941}
  m_RootOrder: 5
  m_LocalEulerAnglesHint: {x: 0, y: 0, z: 0}
--- !u!1 &2814570093053362409
GameObject:
  m_ObjectHideFlags: 0
  m_CorrespondingSourceObject: {fileID: 0}
  m_PrefabInstance: {fileID: 0}
  m_PrefabAsset: {fileID: 0}
  serializedVersion: 6
  m_Component:
  - component: {fileID: 2814570093053598921}
  m_Layer: 0
  m_Name: BigCanon01Stretcher_L
  m_TagString: Untagged
  m_Icon: {fileID: 0}
  m_NavMeshLayer: 0
  m_StaticEditorFlags: 0
  m_IsActive: 1
--- !u!4 &2814570093053598921
Transform:
  m_ObjectHideFlags: 0
  m_CorrespondingSourceObject: {fileID: 0}
  m_PrefabInstance: {fileID: 0}
  m_PrefabAsset: {fileID: 0}
  m_GameObject: {fileID: 2814570093053362409}
  m_LocalRotation: {x: 0.00000004371138, y: -6.850417e-15, z: 2.103122e-15, w: 1}
  m_LocalPosition: {x: -0.014902065, y: -0.009692971, z: 0.013879908}
  m_LocalScale: {x: 1, y: 1, z: 1}
  m_Children: []
  m_Father: {fileID: 2814570093053598941}
  m_RootOrder: 2
  m_LocalEulerAnglesHint: {x: 0, y: 0, z: 0}
--- !u!1 &2814570093053362411
GameObject:
  m_ObjectHideFlags: 0
  m_CorrespondingSourceObject: {fileID: 0}
  m_PrefabInstance: {fileID: 0}
  m_PrefabAsset: {fileID: 0}
  serializedVersion: 6
  m_Component:
  - component: {fileID: 2814570093053598923}
  m_Layer: 0
  m_Name: BigCanon01Stretcher_R
  m_TagString: Untagged
  m_Icon: {fileID: 0}
  m_NavMeshLayer: 0
  m_StaticEditorFlags: 0
  m_IsActive: 1
--- !u!4 &2814570093053598923
Transform:
  m_ObjectHideFlags: 0
  m_CorrespondingSourceObject: {fileID: 0}
  m_PrefabInstance: {fileID: 0}
  m_PrefabAsset: {fileID: 0}
  m_GameObject: {fileID: 2814570093053362411}
  m_LocalRotation: {x: 0.00000004371138, y: -6.850417e-15, z: 2.103122e-15, w: 1}
  m_LocalPosition: {x: -0.014902064, y: 0.009692971, z: 0.013879912}
  m_LocalScale: {x: 1, y: 1, z: 1}
  m_Children: []
  m_Father: {fileID: 2814570093053598941}
  m_RootOrder: 3
  m_LocalEulerAnglesHint: {x: 0, y: 0, z: 0}
--- !u!1 &2814570093053362413
GameObject:
  m_ObjectHideFlags: 0
  m_CorrespondingSourceObject: {fileID: 0}
  m_PrefabInstance: {fileID: 0}
  m_PrefabAsset: {fileID: 0}
  serializedVersion: 6
  m_Component:
  - component: {fileID: 2814570093053598925}
  m_Layer: 0
  m_Name: BigCanon01_L
  m_TagString: Untagged
  m_Icon: {fileID: 0}
  m_NavMeshLayer: 0
  m_StaticEditorFlags: 0
  m_IsActive: 1
--- !u!4 &2814570093053598925
Transform:
  m_ObjectHideFlags: 0
  m_CorrespondingSourceObject: {fileID: 0}
  m_PrefabInstance: {fileID: 0}
  m_PrefabAsset: {fileID: 0}
  m_GameObject: {fileID: 2814570093053362413}
  m_LocalRotation: {x: 0.70710707, y: -0.000000094156924, z: -0.7071065, w: -0.000000094157}
  m_LocalPosition: {x: -0.014902066, y: -0.00969297, z: 0.0068563437}
  m_LocalScale: {x: 0.99999976, y: 1, z: 1}
  m_Children: []
  m_Father: {fileID: 2814570093053598941}
  m_RootOrder: 0
  m_LocalEulerAnglesHint: {x: 0, y: 0, z: 0}
--- !u!1 &2814570093053362415
GameObject:
  m_ObjectHideFlags: 0
  m_CorrespondingSourceObject: {fileID: 0}
  m_PrefabInstance: {fileID: 0}
  m_PrefabAsset: {fileID: 0}
  serializedVersion: 6
  m_Component:
  - component: {fileID: 2814570093053598927}
  m_Layer: 0
  m_Name: BigCanon01_R
  m_TagString: Untagged
  m_Icon: {fileID: 0}
  m_NavMeshLayer: 0
  m_StaticEditorFlags: 0
  m_IsActive: 1
--- !u!4 &2814570093053598927
Transform:
  m_ObjectHideFlags: 0
  m_CorrespondingSourceObject: {fileID: 0}
  m_PrefabInstance: {fileID: 0}
  m_PrefabAsset: {fileID: 0}
  m_GameObject: {fileID: 2814570093053362415}
  m_LocalRotation: {x: 0.70710707, y: -0.000000094156924, z: -0.7071065, w: -0.000000094157}
  m_LocalPosition: {x: -0.014902065, y: 0.009692971, z: 0.0068563456}
  m_LocalScale: {x: 0.9999999, y: 0.9999999, z: 0.9999999}
  m_Children: []
  m_Father: {fileID: 2814570093053598941}
  m_RootOrder: 1
  m_LocalEulerAnglesHint: {x: 0, y: 0, z: 0}
--- !u!1 &2814570093053362417
GameObject:
  m_ObjectHideFlags: 0
  m_CorrespondingSourceObject: {fileID: 0}
  m_PrefabInstance: {fileID: 0}
  m_PrefabAsset: {fileID: 0}
  serializedVersion: 6
  m_Component:
  - component: {fileID: 2814570093053598929}
  m_Layer: 0
  m_Name: Heel_R
  m_TagString: Untagged
  m_Icon: {fileID: 0}
  m_NavMeshLayer: 0
  m_StaticEditorFlags: 0
  m_IsActive: 1
--- !u!4 &2814570093053598929
Transform:
  m_ObjectHideFlags: 0
  m_CorrespondingSourceObject: {fileID: 0}
  m_PrefabInstance: {fileID: 0}
  m_PrefabAsset: {fileID: 0}
  m_GameObject: {fileID: 2814570093053362417}
  m_LocalRotation: {x: -0.0021050123, y: 0.30190074, z: 0.0020039529, w: 0.9533349}
  m_LocalPosition: {x: -0.004755328, y: 2.532033e-11, z: 1.9324943e-10}
  m_LocalScale: {x: 1.0000001, y: 1, z: 1}
  m_Children: []
  m_Father: {fileID: 2814570093053598937}
  m_RootOrder: 1
  m_LocalEulerAnglesHint: {x: 0, y: 0, z: 0}
--- !u!1 &2814570093053362419
GameObject:
  m_ObjectHideFlags: 0
  m_CorrespondingSourceObject: {fileID: 0}
  m_PrefabInstance: {fileID: 0}
  m_PrefabAsset: {fileID: 0}
  serializedVersion: 6
  m_Component:
  - component: {fileID: 2814570093053598931}
  m_Layer: 0
  m_Name: Hip01_L
  m_TagString: Untagged
  m_Icon: {fileID: 0}
  m_NavMeshLayer: 0
  m_StaticEditorFlags: 0
  m_IsActive: 1
--- !u!4 &2814570093053598931
Transform:
  m_ObjectHideFlags: 0
  m_CorrespondingSourceObject: {fileID: 0}
  m_PrefabInstance: {fileID: 0}
  m_PrefabAsset: {fileID: 0}
  m_GameObject: {fileID: 2814570093053362419}
  m_LocalRotation: {x: 0.7193377, y: 0.6935331, z: -0.006615292, w: 0.03900399}
  m_LocalPosition: {x: -0.0061383676, y: -0.0026007693, z: -0.00020759668}
  m_LocalScale: {x: 0.9999997, y: 1, z: 1}
  m_Children:
  - {fileID: 2814570093053598959}
  m_Father: {fileID: 2814570093053598975}
  m_RootOrder: 1
  m_LocalEulerAnglesHint: {x: 0, y: 0, z: 0}
--- !u!1 &2814570093053362421
GameObject:
  m_ObjectHideFlags: 0
  m_CorrespondingSourceObject: {fileID: 0}
  m_PrefabInstance: {fileID: 0}
  m_PrefabAsset: {fileID: 0}
  serializedVersion: 6
  m_Component:
  - component: {fileID: 2814570093053598933}
  m_Layer: 0
  m_Name: Foot02_R
  m_TagString: Untagged
  m_Icon: {fileID: 0}
  m_NavMeshLayer: 0
  m_StaticEditorFlags: 0
  m_IsActive: 1
--- !u!4 &2814570093053598933
Transform:
  m_ObjectHideFlags: 0
  m_CorrespondingSourceObject: {fileID: 0}
  m_PrefabInstance: {fileID: 0}
  m_PrefabAsset: {fileID: 0}
  m_GameObject: {fileID: 2814570093053362421}
  m_LocalRotation: {x: 0.60760814, y: 0.0025998491, z: 0.79423237, w: -0.00070475234}
  m_LocalPosition: {x: -0.004755328, y: 2.532033e-11, z: 1.9324943e-10}
  m_LocalScale: {x: 1, y: 0.99999994, z: 0.9999999}
  m_Children:
  - {fileID: 2814570093053598971}
  - {fileID: 2814570093053598851}
  - {fileID: 2814570093053598871}
  - {fileID: 2814570093053598867}
  m_Father: {fileID: 2814570093053598937}
  m_RootOrder: 0
  m_LocalEulerAnglesHint: {x: 0, y: 0, z: 0}
--- !u!1 &2814570093053362423
GameObject:
  m_ObjectHideFlags: 0
  m_CorrespondingSourceObject: {fileID: 0}
  m_PrefabInstance: {fileID: 0}
  m_PrefabAsset: {fileID: 0}
  serializedVersion: 6
  m_Component:
  - component: {fileID: 2814570093053598935}
  m_Layer: 0
  m_Name: Heel_L
  m_TagString: Untagged
  m_Icon: {fileID: 0}
  m_NavMeshLayer: 0
  m_StaticEditorFlags: 0
  m_IsActive: 1
--- !u!4 &2814570093053598935
Transform:
  m_ObjectHideFlags: 0
  m_CorrespondingSourceObject: {fileID: 0}
  m_PrefabInstance: {fileID: 0}
  m_PrefabAsset: {fileID: 0}
  m_GameObject: {fileID: 2814570093053362423}
  m_LocalRotation: {x: -0.0009795632, y: 0.3823497, z: -0.002975587, w: 0.92401236}
  m_LocalPosition: {x: -0.00475533, y: 4.377216e-10, z: 2.328306e-11}
  m_LocalScale: {x: 1, y: 1, z: 1}
  m_Children: []
  m_Father: {fileID: 2814570093053598943}
  m_RootOrder: 1
  m_LocalEulerAnglesHint: {x: 0, y: 0, z: 0}
--- !u!1 &2814570093053362425
GameObject:
  m_ObjectHideFlags: 0
  m_CorrespondingSourceObject: {fileID: 0}
  m_PrefabInstance: {fileID: 0}
  m_PrefabAsset: {fileID: 0}
  serializedVersion: 6
  m_Component:
  - component: {fileID: 2814570093053598937}
  m_Layer: 0
  m_Name: Foot01_R
  m_TagString: Untagged
  m_Icon: {fileID: 0}
  m_NavMeshLayer: 0
  m_StaticEditorFlags: 0
  m_IsActive: 1
--- !u!4 &2814570093053598937
Transform:
  m_ObjectHideFlags: 0
  m_CorrespondingSourceObject: {fileID: 0}
  m_PrefabInstance: {fileID: 0}
  m_PrefabAsset: {fileID: 0}
  m_GameObject: {fileID: 2814570093053362425}
  m_LocalRotation: {x: 0.0071842205, y: 0.37888795, z: -0.00433389, w: 0.92540455}
  m_LocalPosition: {x: -0.0136535335, y: 0.0000000013248064, z: 8.288771e-10}
  m_LocalScale: {x: 1.0000001, y: 0.99999994, z: 1.0000001}
  m_Children:
  - {fileID: 2814570093053598933}
  - {fileID: 2814570093053598929}
  m_Father: {fileID: 2814570093053598949}
  m_RootOrder: 0
  m_LocalEulerAnglesHint: {x: 0, y: 0, z: 0}
--- !u!1 &2814570093053362427
GameObject:
  m_ObjectHideFlags: 0
  m_CorrespondingSourceObject: {fileID: 0}
  m_PrefabInstance: {fileID: 0}
  m_PrefabAsset: {fileID: 0}
  serializedVersion: 6
  m_Component:
  - component: {fileID: 2814570093053598939}
  m_Layer: 0
  m_Name: Foot02_L
  m_TagString: Untagged
  m_Icon: {fileID: 0}
  m_NavMeshLayer: 0
  m_StaticEditorFlags: 0
  m_IsActive: 1
--- !u!4 &2814570093053598939
Transform:
  m_ObjectHideFlags: 0
  m_CorrespondingSourceObject: {fileID: 0}
  m_PrefabInstance: {fileID: 0}
  m_PrefabAsset: {fileID: 0}
  m_GameObject: {fileID: 2814570093053362427}
  m_LocalRotation: {x: 0.60760254, y: -0.00000002024176, z: 0.79423666, w: 0.0026937288}
  m_LocalPosition: {x: -0.00475533, y: 4.377216e-10, z: 2.328306e-11}
  m_LocalScale: {x: 1.0000002, y: 1, z: 1}
  m_Children:
  - {fileID: 2814570093053598969}
  - {fileID: 2814570093053598849}
  - {fileID: 2814570093053598869}
  - {fileID: 2814570093053598865}
  m_Father: {fileID: 2814570093053598943}
  m_RootOrder: 0
  m_LocalEulerAnglesHint: {x: 0, y: 0, z: 0}
--- !u!1 &2814570093053362429
GameObject:
  m_ObjectHideFlags: 0
  m_CorrespondingSourceObject: {fileID: 0}
  m_PrefabInstance: {fileID: 0}
  m_PrefabAsset: {fileID: 0}
  serializedVersion: 6
  m_Component:
  - component: {fileID: 2814570093053598941}
  m_Layer: 0
  m_Name: Body
  m_TagString: Untagged
  m_Icon: {fileID: 0}
  m_NavMeshLayer: 0
  m_StaticEditorFlags: 0
  m_IsActive: 1
--- !u!4 &2814570093053598941
Transform:
  m_ObjectHideFlags: 0
  m_CorrespondingSourceObject: {fileID: 0}
  m_PrefabInstance: {fileID: 0}
  m_PrefabAsset: {fileID: 0}
  m_GameObject: {fileID: 2814570093053362429}
  m_LocalRotation: {x: 0.000000075497844, y: 1, z: -0.0000000754979, w: -5.7611607e-15}
  m_LocalPosition: {x: 0.000000002826099, y: 2.1e-16, z: -5.6885885e-10}
  m_LocalScale: {x: 1, y: 1, z: 1}
  m_Children:
  - {fileID: 2814570093053598925}
  - {fileID: 2814570093053598927}
  - {fileID: 2814570093053598921}
  - {fileID: 2814570093053598923}
  - {fileID: 2814570093053598917}
  - {fileID: 2814570093053598919}
  - {fileID: 2814570093053598913}
  - {fileID: 2814570093053598915}
  - {fileID: 2814570093053598973}
  - {fileID: 2814570093053598877}
  - {fileID: 2814570093053598879}
  - {fileID: 2814570093053598873}
  - {fileID: 2814570093053598875}
  m_Father: {fileID: 2814570093053598975}
  m_RootOrder: 0
  m_LocalEulerAnglesHint: {x: 0, y: 0, z: 0}
--- !u!1 &2814570093053362431
GameObject:
  m_ObjectHideFlags: 0
  m_CorrespondingSourceObject: {fileID: 0}
  m_PrefabInstance: {fileID: 0}
  m_PrefabAsset: {fileID: 0}
  serializedVersion: 6
  m_Component:
  - component: {fileID: 2814570093053598943}
  m_Layer: 0
  m_Name: Foot01_L
  m_TagString: Untagged
  m_Icon: {fileID: 0}
  m_NavMeshLayer: 0
  m_StaticEditorFlags: 0
  m_IsActive: 1
--- !u!4 &2814570093053598943
Transform:
  m_ObjectHideFlags: 0
  m_CorrespondingSourceObject: {fileID: 0}
  m_PrefabInstance: {fileID: 0}
  m_PrefabAsset: {fileID: 0}
  m_GameObject: {fileID: 2814570093053362431}
  m_LocalRotation: {x: -0.004574835, y: 0.38173336, z: 0.0032529319, w: 0.92425543}
  m_LocalPosition: {x: -0.013653532, y: 0.0000000011303928, z: 2.3283064e-10}
  m_LocalScale: {x: 1.0000001, y: 0.99999994, z: 0.99999994}
  m_Children:
  - {fileID: 2814570093053598939}
  - {fileID: 2814570093053598935}
  m_Father: {fileID: 2814570093053598955}
  m_RootOrder: 0
  m_LocalEulerAnglesHint: {x: 0, y: 0, z: 0}
--- !u!1 &2814570093053362501
GameObject:
  m_ObjectHideFlags: 0
  m_CorrespondingSourceObject: {fileID: 0}
  m_PrefabInstance: {fileID: 0}
  m_PrefabAsset: {fileID: 0}
  serializedVersion: 6
  m_Component:
  - component: {fileID: 2814570093053598885}
  m_Layer: 0
  m_Name: UpperLeg_L
  m_TagString: Untagged
  m_Icon: {fileID: 0}
  m_NavMeshLayer: 0
  m_StaticEditorFlags: 0
  m_IsActive: 1
--- !u!4 &2814570093053598885
Transform:
  m_ObjectHideFlags: 0
  m_CorrespondingSourceObject: {fileID: 0}
  m_PrefabInstance: {fileID: 0}
  m_PrefabAsset: {fileID: 0}
  m_GameObject: {fileID: 2814570093053362501}
  m_LocalRotation: {x: 0.0023267611, y: 0.4312351, z: -0.0020410647, w: 0.9022343}
  m_LocalPosition: {x: -0.0062336735, y: -0.01015315, z: 0.000023765333}
  m_LocalScale: {x: 1, y: 0.9999998, z: 1}
  m_Children:
  - {fileID: 2814570093053598955}
  - {fileID: 2814570093053598965}
  m_Father: {fileID: 2814570093053598975}
  m_RootOrder: 3
  m_LocalEulerAnglesHint: {x: 0, y: 0, z: 0}
--- !u!1 &2814570093053362503
GameObject:
  m_ObjectHideFlags: 0
  m_CorrespondingSourceObject: {fileID: 0}
  m_PrefabInstance: {fileID: 0}
  m_PrefabAsset: {fileID: 0}
  serializedVersion: 6
  m_Component:
  - component: {fileID: 2814570093053598887}
  m_Layer: 0
  m_Name: UpperLeg_R
  m_TagString: Untagged
  m_Icon: {fileID: 0}
  m_NavMeshLayer: 0
  m_StaticEditorFlags: 0
  m_IsActive: 1
--- !u!4 &2814570093053598887
Transform:
  m_ObjectHideFlags: 0
  m_CorrespondingSourceObject: {fileID: 0}
  m_PrefabInstance: {fileID: 0}
  m_PrefabAsset: {fileID: 0}
  m_GameObject: {fileID: 2814570093053362503}
  m_LocalRotation: {x: -0.0023448938, y: 0.43223545, z: 0.0020160577, w: 0.9017555}
  m_LocalPosition: {x: -0.0062336694, y: 0.01015315, z: 0.000023758705}
  m_LocalScale: {x: 1.0000001, y: 0.9999999, z: 1.0000001}
  m_Children:
  - {fileID: 2814570093053598949}
  - {fileID: 2814570093053598967}
  m_Father: {fileID: 2814570093053598975}
  m_RootOrder: 4
  m_LocalEulerAnglesHint: {x: 0, y: 0, z: 0}
--- !u!1 &2814570093053362505
GameObject:
  m_ObjectHideFlags: 0
  m_CorrespondingSourceObject: {fileID: 0}
  m_PrefabInstance: {fileID: 0}
  m_PrefabAsset: {fileID: 0}
  serializedVersion: 6
  m_Component:
  - component: {fileID: 2814570093053598889}
  m_Layer: 0
  m_Name: Toe4_L
  m_TagString: Untagged
  m_Icon: {fileID: 0}
  m_NavMeshLayer: 0
  m_StaticEditorFlags: 0
  m_IsActive: 1
--- !u!4 &2814570093053598889
Transform:
  m_ObjectHideFlags: 0
  m_CorrespondingSourceObject: {fileID: 0}
  m_PrefabInstance: {fileID: 0}
  m_PrefabAsset: {fileID: 0}
  m_GameObject: {fileID: 2814570093053362505}
  m_LocalRotation: {x: 0.050352387, y: 0.1129004, z: 0.012294034, w: 0.9922535}
  m_LocalPosition: {x: -0.002479248, y: 0.0000000015879049, z: -3.72529e-10}
  m_LocalScale: {x: 1, y: 1, z: 1.0000001}
  m_Children: []
  m_Father: {fileID: 2814570093053598865}
  m_RootOrder: 0
  m_LocalEulerAnglesHint: {x: 0, y: 0, z: 0}
--- !u!1 &2814570093053362507
GameObject:
  m_ObjectHideFlags: 0
  m_CorrespondingSourceObject: {fileID: 0}
  m_PrefabInstance: {fileID: 0}
  m_PrefabAsset: {fileID: 0}
  serializedVersion: 6
  m_Component:
  - component: {fileID: 2814570093053598891}
  m_Layer: 0
  m_Name: Toe4_R
  m_TagString: Untagged
  m_Icon: {fileID: 0}
  m_NavMeshLayer: 0
  m_StaticEditorFlags: 0
  m_IsActive: 1
--- !u!4 &2814570093053598891
Transform:
  m_ObjectHideFlags: 0
  m_CorrespondingSourceObject: {fileID: 0}
  m_PrefabInstance: {fileID: 0}
  m_PrefabAsset: {fileID: 0}
  m_GameObject: {fileID: 2814570093053362507}
  m_LocalRotation: {x: -0.050742663, y: 0.07897009, z: -0.010568483, w: 0.99552864}
  m_LocalPosition: {x: -0.002479245, y: 3.352761e-10, z: 1.862645e-10}
  m_LocalScale: {x: 0.9999997, y: 0.99999994, z: 0.9999998}
  m_Children: []
  m_Father: {fileID: 2814570093053598867}
  m_RootOrder: 0
  m_LocalEulerAnglesHint: {x: 0, y: 0, z: 0}
--- !u!1 &2814570093053362509
GameObject:
  m_ObjectHideFlags: 0
  m_CorrespondingSourceObject: {fileID: 0}
  m_PrefabInstance: {fileID: 0}
  m_PrefabAsset: {fileID: 0}
  serializedVersion: 6
  m_Component:
  - component: {fileID: 2814570093053598893}
  m_Layer: 0
  m_Name: Toe3_L
  m_TagString: Untagged
  m_Icon: {fileID: 0}
  m_NavMeshLayer: 0
  m_StaticEditorFlags: 0
  m_IsActive: 1
--- !u!4 &2814570093053598893
Transform:
  m_ObjectHideFlags: 0
  m_CorrespondingSourceObject: {fileID: 0}
  m_PrefabInstance: {fileID: 0}
  m_PrefabAsset: {fileID: 0}
  m_GameObject: {fileID: 2814570093053362509}
  m_LocalRotation: {x: -0.022393906, y: 0.11029748, z: 0.01859558, w: 0.9934723}
  m_LocalPosition: {x: -0.0024792464, y: -5.0873494e-10, z: -2.9802322e-10}
  m_LocalScale: {x: 1, y: 1, z: 0.9999998}
  m_Children: []
  m_Father: {fileID: 2814570093053598869}
  m_RootOrder: 0
  m_LocalEulerAnglesHint: {x: 0, y: 0, z: 0}
--- !u!1 &2814570093053362511
GameObject:
  m_ObjectHideFlags: 0
  m_CorrespondingSourceObject: {fileID: 0}
  m_PrefabInstance: {fileID: 0}
  m_PrefabAsset: {fileID: 0}
  serializedVersion: 6
  m_Component:
  - component: {fileID: 2814570093053598895}
  m_Layer: 0
  m_Name: Toe3_R
  m_TagString: Untagged
  m_Icon: {fileID: 0}
  m_NavMeshLayer: 0
  m_StaticEditorFlags: 0
  m_IsActive: 1
--- !u!4 &2814570093053598895
Transform:
  m_ObjectHideFlags: 0
  m_CorrespondingSourceObject: {fileID: 0}
  m_PrefabInstance: {fileID: 0}
  m_PrefabAsset: {fileID: 0}
  m_GameObject: {fileID: 2814570093053362511}
  m_LocalRotation: {x: 0.02240164, y: 0.11071081, z: -0.018586196, w: 0.9934263}
  m_LocalPosition: {x: -0.0024792466, y: -1.862645e-10, z: -4.4703483e-10}
  m_LocalScale: {x: 0.99999994, y: 0.9999996, z: 0.9999999}
  m_Children: []
  m_Father: {fileID: 2814570093053598871}
  m_RootOrder: 0
  m_LocalEulerAnglesHint: {x: 0, y: 0, z: 0}
